@article{duluau2015scada,
  title={SCADA simulation of a distributed generation system with storage technologies},
  author={Dul{\u{a}}u, Lucian Ioan and Abrudean, Mihail and Bic{\u{a}}, Dorin},
  journal={Procedia Technology},
  volume={19},
  pages={665--672},
  year={2015},
  publisher={Elsevier}
}

@inproceedings{routray20164,
  title={4.5 G: A milestone along the road to 5G},
  author={Routray, Sudhir K and Sharmila, KP},
  booktitle={2016 International Conference on Information Communication and Embedded Systems (ICICES)},
  pages={1--6},
  year={2016},
  organization={IEEE}
}

@article{bai2020radio,
  title={Radio-wave communication with chaos},
  author={Bai, Chao and Ren, Hai-Peng and Zheng, Wu-Yun and Grebogi, Celso},
  journal={IEEE Access},
  volume={8},
  pages={167019--167026},
  year={2020},
  publisher={IEEE}
}

@book{misra2012radio,
  title={Radio-frequency and microwave communication circuits: analysis and design},
  author={Misra, Devendra K},
  year={2012},
  publisher={John Wiley \& Sons}
}

@article{perez2002path,
  title={Path-loss model for broadcasting applications and outdoor communication systems in the VHF and UHF bands},
  author={Perez-Vega, Constantino and Zamanillo, Jos{\'e} M},
  journal={IEEE transactions on broadcasting},
  volume={48},
  number={2},
  pages={91--96},
  year={2002},
  publisher={IEEE}
}

@phdthesis{smyth2003performance,
  title={Performance issues in hybrid fiber radio communication systems due to nonlinear distortion effects in laser transmitters},
  author={Smyth, Frank},
  year={2003},
  school={Dublin City University}
}


@mastersthesis{atalay,
author  =   {Öner Atalay},
title   =   {Jeotermal Sistemlerin Ekserji Analizi},
school  =   {T.C. Pamukkale Üniversitesi},
year    =   2004,
address =   {Denizli, Türkiye},
month   =   {8}

}
@article{mishra2016mechanism,
  title={Mechanism, consequences, and therapeutic targeting of abnormal IL15 signaling in cutaneous T-cell lymphoma},
  author={Mishra, Anjali and La Perle, Krista and Kwiatkowski, Sonya and Sullivan, Laura A and Sams, Gregory H and Johns, Jessica and Curphey, Douglas P and Wen, Jing and McConnell, Kathleen and Qi, Jun and others},
  journal={Cancer discovery},
  volume={6},
  number={9},
  pages={986--1005},
  year={2016},
  publisher={AACR}
}

@book{speight2022encyclopedia,
  title={Encyclopedia of Renewable Energy},
  author={Speight, J.G.},
  isbn={9781119363675},
  url={https://books.google.com.tr/books?id=Um1WEAAAQBAJ},
  year={2022},
  publisher={Wiley}
}

@article{demirbas2006correlations,
  title={Correlations between carbon dioxide emissions and carbon contents of fuels},
  author={Demirbas, A},
  journal={Energy Sources, Part B},
  volume={1},
  number={4},
  pages={421--427},
  year={2006},
  publisher={Taylor \& Francis}
}

@article{kong2019examine,
  title={To examine environmental pollution by economic growth and their impact in an environmental Kuznets curve (EKC) among developed and developing countries},
  author={Kong, YuSheng and Khan, Rabnawaz},
  journal={PloS one},
  volume={14},
  number={3},
  pages={e0209532},
  year={2019},
  publisher={Public Library of Science San Francisco, CA USA}
}

@misc{august_2021, 
    title={Wind turbine cost: Worth the million-Dollar price in 2022?}, url={https://weatherguardwind.com/how-much-does-wind-turbine-cost-worth-it}, journal={Weather Guard Lightning Tech}, author={August, Keith Taryani}, year={2021}, month={Dec}
} 


@article{ahmed2014communication,
  title={Communication network architectures for smart-wind power farms},
  author={Ahmed, Mohamed A and Kim, Young-Chon},
  journal={Energies},
  volume={7},
  number={6},
  pages={3900--3921},
  year={2014},
  publisher={Multidisciplinary Digital Publishing Institute}
}


@inproceedings{hussain2014multilayer,
  title={Multilayer communication network architecture for wind power farm},
  author={Hussain, Shahid and Kim, Young-Chon},
  booktitle={2014 IEEE 19th International Workshop on Computer Aided Modeling and Design of Communication Links and Networks (CAMAD)},
  pages={105--109},
  year={2014},
  organization={IEEE}
}

@inproceedings{deshmukh2018smart,
  title={A smart solar photovoltaic remote monitoring and controlling},
  author={Deshmukh, Neha S and Bhuyar, DL},
  booktitle={2018 Second International Conference on Intelligent Computing and Control Systems (ICICCS)},
  pages={67--71},
  year={2018},
  organization={IEEE}
}

@inproceedings{mackiewicz2006overview,
  title={Overview of IEC 61850 and Benefits},
  author={Mackiewicz, Ralph E},
  booktitle={2006 IEEE Power Engineering Society General Meeting},
  pages={8--pp},
  year={2006},
  organization={IEEE}
}

@article{wlanwimaxprem, 
title={Performance analysis of WLAN-WiMAX Smart Distribution Grid}, 
volume={V4}, 
DOI={10.17577/ijertv4is080595}, 
number={08}, 
journal={International Journal of Engineering Research and},
author={S. Premkumar and Dr. V. Saminadan}, year={2015}
} 

@article{eltamaly2021iot,
  title={IoT-Based Hybrid Renewable Energy System for Smart Campus},
  author={Eltamaly, Ali M and Ahmed, Mohamed A},
  journal={Sustainability},
  volume={13},
  number={15},
  pages={8555},
  year={2021},
  publisher={Multidisciplinary Digital Publishing Institute}
}

@inproceedings{yuan2020modeling,
  title={Modeling and Performance Analysis for Communication Network in Smart Power Distribution System},
  author={Yuan, Long and Liao, Qingyang and Yao, Lu and Kang, Yiqun and Cai, Zexiang},
  booktitle={2020 IEEE Sustainable Power and Energy Conference (iSPEC)},
  pages={1385--1390},
  year={2020},
  organization={IEEE}
}

@article{liu2010status,
  title={Status and problems of wind turbine structural health monitoring techniques in China},
  author={Liu, Wenyi and Tang, Baoping and Jiang, Yonghua},
  journal={Renewable Energy},
  volume={35},
  number={7},
  pages={1414--1418},
  year={2010},
  publisher={Elsevier}
}

@misc{allwood2010options,
  title={Options for achieving a 50\% cut in industrial carbon emissions by 2050},
  author={Allwood, Julian M and Cullen, Jonathan M and Milford, Rachel L},
  year={2010},
  publisher={ACS Publications}
}

@article{wu2020review,
  title={A review for solar panel fire accident prevention in large-scale PV applications},
  author={Wu, Zuyu and Hu, Yihua and Wen, Jennifer X and Zhou, Fubao and Ye, Xianming},
  journal={IEEE Access},
  volume={8},
  pages={132466--132480},
  year={2020},
  publisher={IEEE}
}

@book{tanenbaum2002computer,
  title={Computer networks},
  author={Tanenbaum, Andrew S},
  year={2021},
  publisher={Pearson Education}
}

 @book{parziale_2006, place={United States, California}, title={TCP/IP tutorial and technical overview}, publisher={IBM International Technical Support Organization}, author={Parziale, Lydia}, year={2006}} 
 
@INPROCEEDINGS{FITPUB8317,
   author = "Pavel O\v{c}en\'{a}\v{s}ek",
   title = "Analysis of the Network Communication With OPNET",
   pages = "312--317",
   booktitle = "Proceedings of the 16th International Conference on Systems Science: Volume II",
   year = 2007,
   location = "Wroclaw, PL",
   ISBN = "978-83-7493-340-7",
   language = "english",
   url = "https://www.fit.vut.cz/research/publication/8317"
}

@INPROCEEDINGS{1385190,
  author={Bourgeois, J. and Sofiane, S. and Yoginath, S.B.},
  booktitle={First International Conference on Distributed Frameworks for Multimedia Applications}, 
  title={Integrating an RTP mixer model into Opnet modeler}, 
  year={2005},
  volume={},
  number={},
  pages={106-112},
  doi={10.1109/DFMA.2005.31}}
  
@InProceedings{10.1007/978-3-030-72792-5_41,
    author="Herrnleben, Stefan
    and Grohmann, Johannes
    and Rygielski, Piotr
    and Lesch, Veronika
    and Krupitzer, Christian
    and Kounev, Samuel",
    editor="Song, Houbing
    and Jiang, Dingde",
    title="A Simulation-Based Optimization Framework for Online Adaptation of Networks",
    booktitle="Simulation Tools and Techniques",
    year="2021",
    publisher="Springer International Publishing",
    address="Cham",
    pages="513--532",
    isbn="978-3-030-72792-5"
}

@MISC{Olsen_prototypeof,
    author = {Andreas Kargård Olsen and Baris Ösdil and Bjarne Poulsen and Knud Ole and Helgesen Pedersen and Knud Johansen Q-technology},
    title = {PROTOTYPE OF GENERIC SERVER FOR WIND POWER PLANTS USING IEC 61400-25 STANDARD},
    year = {2007}
}

@inproceedings{francisco2016protection,
  title={Protection, automation and control systems and the IEC 61850 paradigm—New testing and maintenance challenges},
  author={Francisco, Rui and Correia, Rafaela and Candeias, Lu{\'\i}s and Ferreira, Carlos and Lopes, Fernando},
  booktitle={2016 51st International Universities Power Engineering Conference (UPEC)},
  pages={1--7},
  year={2016},
  organization={IEEE}
}

@article{trinnass,
author = {Trinh, Hoang and Nguyen, Trinh and Prinz, Andreas and Friisø, Trond and Nossum, Rolf},
year = {2022},
month = {06},
pages = {},
title = {Offshore Wind Information Provisioning Using the IEC 61400-25 Standard and RESTful Web Services},
journal={Renewable Energy}
}

@inproceedings{san2007use,
  title={The use of IEC 61400-25 standard to integrate wind power plants into the control of power system stability},
  author={San Telmo, E and Canales, I and Villate, JL and Robles, E and Apinaniz, S},
  booktitle={European Wind Energy Conference \& Exhibition},
  pages={2},
  year={2007}
}

@inproceedings{klise2017application,
  title={Application of IEC 61724 Standards to Analyze PV System Performance in Different Climates},
  author={Klise, Katherine A and Stein, Joshua S and Cunningham, Joseph},
  booktitle={2017 IEEE 44th Photovoltaic Specialist Conference (PVSC)},
  pages={3161--3166},
  year={2017},
  organization={IEEE}
}

@article{ahmed2015communication,
  title={Communication network architectures for smart-house with renewable energy resources},
  author={Ahmed, Mohamed A and Kang, Yong Cheol and Kim, Young-Chon},
  journal={energies},
  volume={8},
  number={8},
  pages={8716--8735},
  year={2015},
  publisher={Multidisciplinary Digital Publishing Institute}
}

@book{lu2012unlocking,
  title={Unlocking the power of OPNET modeler},
  author={Lu, Zheng and Yang, Hongji},
  year={2012},
  publisher={Cambridge University Press}
}

@book{sethi2012practical,
  title={The practical OPNET user guide for computer network simulation},
  author={Sethi, Adarshpal S and Hnatyshin, Vasil Y},
  year={2012},
  publisher={CRC Press}
}

@inproceedings{ahmed2011simulation,
  title={Simulation study of communication network for wind power farm},
  author={Ahmed, Mohamed A and Yang, Won-Hyuk and Kim, Young-Chon},
  booktitle={ICTC 2011},
  pages={706--709},
  year={2011},
  organization={IEEE}
}

@misc{ltd_2005, title={Inside nacelle for the kentish flats Windfarm Whitstable Kent}, url={http://www.constructionphotography.com/Details.aspx?ID=42463}, journal={A186-00093: Inside Nacelle for the Kentish Flats windfar - Construction Photography}, author={Ltd, TheDataArchive.com}, year={2005}
} 
 
@misc{inc_2015, title={University Of Hawaii}, url={https://earth.google.com/web/search/University+of+Hawaii}, journal={Google earth}, publisher={Google}, author={INC, Google}, year={2015}} 

@article{yilmazanalysis,
  title={ANALYSIS OF PERFORMANCE DEGRADATION IN UTP CABLES AND ITS EFFECTS ON LAN APPLICATIONS},
  author={Yılmaz},
  publisher={Citeseer},
  journal = {EMO},
  year = {2001},
}

@misc{bauer_2010, title={Vestas V39}, url={https://en.wind-turbine-models.com/turbines/383-vestas-v39}, journal={Vestas V39 - 500,00 kW - Wind turbine}, author={Bauer, Lucas}, year={2010}} 
 

 
@article{ccalicskan2010turkiye,
  title={T{\"u}rkiye r{\"u}zgar enerjisi potansiyeli},
  author={{\c{C}}ALI{\c{S}}KAN, Mustafa and {\c{S}}ubesi, E{\.I}E-Yenilenebilir Enerji Kaynaklar{\i} and Vekili, M{\"u}d{\"u}r},
  journal={Devlet Meteoroloji {\.I}{\c{s}}leri Genel M{\"u}d{\"u}rl{\"u}{\u{g}}{\"u} ve T{\"u}rkiye R{\"u}zgar Enerjisi Birli{\u{g}}i (T{\"U}REB)-R{\"u}zgar Enerjisi Semineri},
  year={2010}
}
@book{keiser2000optical,
  title={Optical fiber communications},
  author={Keiser, Gerd},
  volume={2},
  year={2000},
  publisher={McGraw-Hill New York}
}

@inproceedings{Ghenai2012LifeCA,
  title={Life Cycle Analysis of Wind Turbine},
  author={Chaouki Ghenai},
  year={2012}
}

@book{veers2019wind,
  title={Wind Energy Modeling and Simulation, Volume 2: Turbine and System},
  author={Veers, Paul S},
  year={2019},
  institution={National Renewable Energy Lab.(NREL), Golden, CO (United States)}
}
@inproceedings{KhalilYehia,
    author = {Khalil, Yehia},
    year = {2002},
    month = {07},
    pages = {},
    booktitle={Yale College and Yale Summer Session},
    title = {Wind Power},
    doi = {10.13140/RG.2.2.24153.11360}
}

@book{johnson1985wind,
  title={Wind energy systems},
  author={Johnson, Gary L},
  year={1985},
  publisher={Citeseer}
}
@book{dipippo2012geothermal,
  title={Geothermal power plants: principles, applications, case studies and environmental impact},
  author={DiPippo, Ronald},
  year={2012},
  publisher={Butterworth-Heinemann}
}
@article{ramakumar1993photovoltaic,
  title={Photovoltaic systems},
  author={Ramakumar, R and Bigger, JE},
  journal={Proceedings of the IEEE},
  volume={81},
  number={3},
  pages={365--377},
  year={1993},
  publisher={IEEE}
}
@article{kagel2005guide,
  title={A guide to geothermal energy and the environment},
  author={Kagel, Alyssa and Bates, Diana},
  year={2005},
  publisher={Geothermal Energy Association, Washington, DC (USA)}
}
@article{AZADGILANI2021116756,
title = {Techno-economic study of compound parabolic collector in solar water heating system in the northern hemisphere},
journal = {Applied Thermal Engineering},
volume = {190},
pages = {116756},
year = {2021},
issn = {1359-4311},
doi = {https://doi.org/10.1016/j.applthermaleng.2021.116756},
url = {https://www.sciencedirect.com/science/article/pii/S1359431121002118},
author = {Hooman {Azad Gilani} and Siamak Hoseinzadeh},

}

@article{alliance2010zigbee,
  title={Zigbee alliance},
  author={Alliance, ZigBee},
  journal={WPAN industry group, http://www. zigbee. org/. The industry group responsible for the ZigBee standard and certification},
  year={2010}
}

@inproceedings{ramya2011study,
  title={Study on ZigBee technology},
  author={Ramya, C Muthu and Shanmugaraj, M and Prabakaran, R},
  booktitle={2011 3rd international conference on electronics computer technology},
  volume={6},
  pages={297--301},
  year={2011},
  organization={IEEE}
}
@book{saleh2019fundamentals,
  title={Fundamentals of photonics},
  author={Saleh, Bahaa EA and Teich, Malvin Carl},
  year={2019},
  publisher={john Wiley \& sons}
}



@misc{sibersaldiri, title={Satellite cyber attack paralyzes 11GW of German wind turbines}, url={https://www.pv-magazine.com/2022/03/01/satellite-cyber-attack-paralyzes-11gw-of-german-wind-turbines/},  author={Marian Willuhn}, year={2022}} 



@misc{lazardsRapport, title={Lazard's Levelized Cost of Energy Analysis -- Version 15.0}, url={https://www.lazard.com/media/451881/lazards-levelized-cost-of-energy-version-150-vf.pdf/},  author={Lazard's}, year={2021}} 

@article{microgrid_siliOrnek,
  title={A microgrid energy management system based on the rolling horizon strategy},
  author={Palma-Behnke, Rodrigo and Benavides, Carlos and Lanas, Fernando and Severino, Bernardo and Reyes, Lorenzo and Llanos, Jacqueline and S{\'a}ez, Doris},
  journal={IEEE Transactions on smart grid},
  volume={4},
  number={2},
  pages={996--1006},
  year={2013},
  publisher={IEEE}
}

@article{yunanOrnek,  author={Hatziargyriou, Nikos and Dimeas, Aris and Vasilakis, Nasos and Lagos, Dimitrios and Kontou, Alkistis},  journal={IEEE Electrification Magazine},   title={The Kythnos Microgrid: A 20-Year History},   year={2020},  volume={8},  number={4},  pages={46-54},  doi={10.1109/MELE.2020.3026439}}

@INPROCEEDINGS{BCIT,  author={Stanciulescu, Giuseppe and Farhangi, Hassan and Palizban, Ali and Stanchev, Nikola},  booktitle={2012 IEEE PES Innovative Smart Grid Technologies (ISGT)},   title={Communication technologies for BCIT Smart Microgrid},   year={2012},  volume={},  number={},  pages={1-7},  doi={10.1109/ISGT.2012.6175669}}

@INPROCEEDINGS{7804974,  author={Kpakpo, Miguel and Itmi, Mhamed},  booktitle={2016 4th IEEE International Colloquium on Information Science and Technology (CiSt)},   title={A MAS model for O\&M cost simulation and optimization: Case of a wind power operator},   year={2016},  volume={},  number={},  pages={685-689},  abstract={The aim of this work in progress is to define a MAS model for cost optimization in an industrial environment. The system, a decision support instrument, must provide alerts and tips that maximize the benefits. In the following we highlight the MAS details. We mainly present the agents and give a detailed description for each one with its goals and its environment. The system purpose is to optimize the wind farms O&M cost.},  keywords={},  doi={10.1109/CIST.2016.7804974},  ISSN={2327-1884},  month={Oct},}
 
@article{https://doi.org/10.1002/dac.4517,
author = {Zhu, Huimin and Yuan, Shun and Li, Chunlai},
title = {Network communication monitoring system of distributed PV power generation system},
journal = {International Journal of Communication Systems},
volume = {35},
number = {5},
pages = {e4517},
keywords = {DC/DC bidirectional converter, distributed photovoltaic power generation, mode switching, monitoring system, network communication},
doi = {https://doi.org/10.1002/dac.4517},
url = {https://onlinelibrary.wiley.com/doi/abs/10.1002/dac.4517},
eprint = {https://onlinelibrary.wiley.com/doi/pdf/10.1002/dac.4517},
note = {e4517 IJCS-20-0306.R1},
abstract = {Summary Energy is the cornerstone of the existence and development of modern society. The energy consumption continues to increase, and the ensuing environmental pollution and increasing lack of traditional energy sources have also become the world's most concerned issues. The emergence of new energy has eased the current unfavorable situation. Among them, distributed photovoltaic (PV) power generation has been favored because of its abundant resources and no geographical restrictions. However, due to the scattered construction of solar PV power stations, it is not easy to manage. Therefore, research and development of PV remote monitoring systems for unified monitoring and management of PV power stations. In addition, the problem of solar cell output efficiency is also an important reason that restricts the utilization of solar energy. Improving the output efficiency of the battery based on the existing solar cell conversion efficiency is also a focus of current research. Based on the above background, the research content of this article is the network communication monitoring system for distributed PV power generation systems. This article first conducts the overall design of the PV remote monitoring system, constructs the system's distributed design structure, and divides the underlying hardware part of the system into control modules and transmission. According to the application requirements, the STM32 series single-chip microcomputer is selected as the controller of the system control module and the transmission module. The hardware circuit design and software process implementation of the system are studied to realize the data collection, MPPT control, and remote data transmission of the photovoltaic system. Features: Finally, through experimental simulation, it was verified that the light intensity increased from 600 to 800 W/m2, and the output current of the inverter increased accordingly. The output current of the distributed PV power generation system was directly proportional to the change of the light intensity. The designed system is feasible.},
year = {2022}
}

@book{agrawal2012fiber,
  title={Fiber-optic communication systems},
  author={Agrawal, Govind P},
  year={2012},
  publisher={John Wiley \& Sons}
}
 
 @misc{gepa, title={Gunes Enerji Atlasi}, url={https://gepa.enerji.gov.tr/MyCalculator/pages/43.aspx}, journal={Untitled page}, author={Enerji T. K. Bakanlığı}, year={2021}} 
 
  @misc{Jeotarih, title={Geothermal Energy throughout the Ages}, url={http://www.history.alberta.ca/energyheritage/energy/alternative-energy/geothermal-energy/geothermal-energy-throughout-the-ages.aspx}, journal={Untitled page}, author={Kanada Kültür Bakanlığı}, year={2021}} 
 
  @misc{repa, title={Enerji İşleri Genel Müdürlüğü}, url={https://repa.enerji.gov.tr/REPA}, journal={Türkiye Rüzgar Enerjisi Potansiyeli}, author={E. Tabii Kaynaklar Bakanlığı}, year={2021}} 
  
@phdthesis{jannasch2009daten,
  title={Daten-Management f{\"u}r Windparks mit Kommunikation gem{\"a}{\ss} IEC 61400-25},
  author={Jannasch, Henrik},
  year={2009},
  school={Hochschule Mittweida}
}


@book{iec_2019, place={Pretoria}, title={Photovoltaic system perfomance}, publisher={South African Bureau of Standards}, author={IEC, IEC}, year={2019}} 

@book{birimfiyat, place={Ankara, Ankara}, title={Yapı Isleri Sıhhi tesisat Birim Fiyat ve tarifeleri 2022 yılı}, publisher={Bayindirlik}, author={TC Şehircilik \& İklim Değişikliği Bakanlığı}, year={2022}} 

@misc{ogm_2009, title={Talimatlar}, url={https://www.ogm.gov.tr/tr/e-kutuphane/mevzuat/talimatlar}, journal={OGM}, author={OGM, OGM}, year={2009}} 


@misc{hwp_2022, title={FİBER i̇nternet FİYATLARI: 2022 Yılında Hangi Tarife Ne Kadar?}, url={https://hwp.com.tr/fiber-internet-paketleri-2022-202243}, journal={HWP}, author={HWP, HWP}, year={2022}, month={Feb}} 